-- Paper principal con el que trabajo en la parte de matematicas
@article{matematicas:principal,
  doi = {10.48550/ARXIV.1509.05009},
  url = {https://arxiv.org/abs/1509.05009},
  author = {Cohen,  Nadav and Sharir,  Or and Shashua,  Amnon},
  keywords = {Neural and Evolutionary Computing (cs.NE),  Machine Learning (cs.LG),  Numerical Analysis (math.NA),  Machine Learning (stat.ML),  FOS: Computer and information sciences,  FOS: Computer and information sciences,  FOS: Mathematics,  FOS: Mathematics},
  title = {On the Expressive Power of Deep Learning: A Tensor Analysis},
  publisher = {arXiv},
  year = {2015},
  copyright = {arXiv.org perpetual,  non-exclusive license}
}

@article{matematicas:vit,
    title={An Image is Worth 16x16 Words: Transformers for Image Recognition at Scale},
    url={https://arxiv.org/abs/2010.11929},
    journal={arXiv.org},
    author={Dosovitskiy, Alexey and Beyer, Lucas and Kolesnikov, Alexander and Weissenborn, Dirk and Zhai, Xiaohua and Unterthiner, Thomas and Dehghani, Mostafa and Minderer, Matthias and Heigold, Georg and Gelly, Sylvain and Uszkoreit, Jakob and Houlsby, Neil},
    year={2020}
}

